%# -*- coding: utf-8-unix -*-
@online {Fang:2012blog,
	AUTHOR = { 方励之},
	TITLE = { 普适性一例——伽利略相对性原理},
	URL = {http://fang-lizhi.hxwk.org/2012/01/02/},
	YEAR = {2012}
	
}

@book{Yu:EleDyn1997,
	title = {电动力学简明教程},
	publisher = { 北京大学出版社},
	year = {1997},
	author = {俞允强},
	address={ 北京}
}

@book{Rindler:GR,
	title = {相对论精义——狭义、广义和宇宙学相对论},
	publisher = {安徽科学技术出版社},
	year = {1977},
	author = {Wolfgang Rindler},
        translator  = {江山,方励之},
	address={ 合肥}
}

@book{Schutz:FirstCourse,
  title={A First Course in General Relativity},
  author={Schutz, B.},
  isbn={9781139479004},
  year={2009},
  publisher={Cambridge University Press}
}

@Book{Creighton2011,
	Author = {Jolien D. E. {Creighton} and Warren G. {Anderson}},
	Title = {{Gravitational-wave physics and astronomy. An introduction to theory, experiment and data analysis.}},
	ISBN = {978-3-527-40886-3/hbk},
	Pages = {xiv + 375},
	Year = {2011},
	Publisher = {Hoboken, NJ: John Wiley \& Sons},
}

@online {I03,
	AUTHOR = { Ivars Peterson},
	TITLE = { Contra dances, matrices, and groups},
	URL = {www.sciencenews.org/articles/20030308/mathtrek.asp},
	YEAR = {2003}
	
}


@book{M91,
	author = {Michael Artin},
	title = { \textbf{\textit{Algebra}}},
	publisher = {Prentice Hall},
	address = { Englewood Cliffs, NJ},
	year = {1991}
	
}

@book{J02,
	title = {\textbf{\textit{A First Course in Abstract Algebra}}},
	publisher = {Addison-Wesley},
	address = {  Reading, MA},
	year = {2002},
	edition   = {seventh edition},
	author = { John B. Fraleigh}
}

@book{D01,
	title = {\textbf{\textit{Solved and Unsolved Problems in Number Theory}}},
	publisher = {American
	Mathematical Society Chelsea Publishing},
	address = {   Providence, RI},
	year = {2001},
	edition   = {fourth edition},
	author = { Daniel Shanks}
}

@book{J04,
	title = {\textbf{\textit{Contemporary Abstract Algebra}}},
	publisher = {Houghton Mifflin Company},
	year = {2004},
	author = { Joseph Gallian}
}
@book{Poisson:Gravity,
  title={Gravity: Newtonian, Post-Newtonian, Relativistic},
  author={Poisson, E. and Will, C.M.},
  isbn={9781107032866},
  lccn={2014012291},
  url={https://books.google.com.tw/books?id=PZ5cAwAAQBAJ},
  year={2014},
  publisher={Cambridge University Press}
}
